@book{storme2006,
  author = {Charles J. Colbourn, Jeffrey H. Dinitz},
  title = {Handbook of Combinatorial Designs},
  year = 2006,
  publisher = "CRC Press",
  month = "November",
}

@misc{beresford2011, 
    title={Projective Planes of Low Order}, 
    url={https://demonstrations.wolfram.com/ProjectivePlanesOfLowOrder/}, 
    author={Roger Beresford}, 
    year={2011}, 
    month={Mar}
} 

@misc{spencer1999, 
    title={Do parallel lines meet at infinity?}, 
    url={https://www.math.toronto.edu/mathnet/questionCorner/infinity.html}, journal={Question Corner -- Do Parallel Lines Meet At Infinity?}, author={Spencer, Philip}, 
    year={1999}, 
    month={Apr}
} 

@misc{westenbrink2022, 
    title={Why your dobble cards always match}, 
    url={https://www.deeconometrist.nl/other/why-your-dobble-cards-always-match/}, 
    journal={De Econometrist}, 
    author={Westenbrink, Deirdre}, 
    year={2022}, 
    month={Sep}
} 

@misc{Parker2021, 
    title={How does dobble (spot it) work?}, 
    url={https://www.youtube.com/watch?v=VTDKqW_GLkw&t=397s},  
    author={Matt Parker}, 
    year={2021}, 
    month={Apr}
}

@misc{Weisstein2023, 
    title={"Field Axioms." From MathWorld--A Wolfram Web Resource.}, 
    url={https://mathworld.wolfram.com/FieldAxioms.html},  
    author={Eric W. Weisstein}, 
    year={2023}, 
    month={Nov}
}

@misc{Collingridge2018, title={The Mathematics of Toys and Games - Dobble}, url={https://www.petercollingridge.co.uk/blog/mathematics-toys-and-games/dobble/}, author={Collingridge, Peter}, year={2018}, month={Sep}} 

@misc{cameron2000,
    author = "Peter J. Cameron",
    title = "Fields and vector spaces [Lecture Notes]. Classical Groups",
    year = 2000,
    url = "https://webspace.maths.qmul.ac.uk/p.j.cameron/class_gps/ch1.pdf"
}

@misc{Weisstein2023b, 
    title={"Field." From MathWorld--A Wolfram Web Resource.}, 
    url={https://mathworld.wolfram.com/Field.html},  
    author={Eric W. Weisstein}, 
    year={2023}, 
    month={Nov}
}